@article{womelsdorf2007modulation,
  title={Modulation of neuronal interactions through neuronal synchronization},
  author={Womelsdorf, Thilo and Schoffelen, Jan-Mathijs and Oostenveld, Robert and Singer, Wolf and Desimone, Robert and Engel, Andreas K and Fries, Pascal},
  journal={science},
  volume={316},
  number={5831},
  pages={1609--1612},
  year={2007},
  publisher={American Association for the Advancement of Science}
}

@article{o2021hierarchical,
  title={The hierarchical construction of value},
  author={O Doherty, John P and Rutishauser, Ueli and Iigaya, Kiyohito},
  journal={Current Opinion in Behavioral Sciences},
  volume={41},
  pages={71--77},
  year={2021},
  publisher={Elsevier}
}

@article{hunt2017distributed,
  title={A distributed, hierarchical and recurrent framework for reward-based choice},
  author={Hunt, Laurence T and Hayden, Benjamin Y},
  journal={Nature Reviews Neuroscience},
  volume={18},
  number={3},
  pages={172--182},
  year={2017},
  publisher={Nature Publishing Group}
}

@article{combrisson2019visbrain,
  title={Visbrain: a multi-purpose GPU-accelerated open-source suite for multimodal brain data visualization},
  author={Combrisson, Etienne and Vallat, Raphael and O'Reilly, Christian and Jas, Mainak and Pascarella, Annalisa and Saive, Anne-lise and Thiery, Thomas and Meunier, David and Altukhov, Dmitrii and Lajnef, Tarek and others},
  journal={Frontiers in Neuroinformatics},
  volume={13},
  pages={14},
  year={2019},
  publisher={Frontiers}
}

@article{combrisson2017sleep,
  title={Sleep: an open-source python software for visualization, analysis, and staging of sleep data},
  author={Combrisson, Etienne and Vallat, Raphael and Eichenlaub, Jean-Baptiste and O'Reilly, Christian and Lajnef, Tarek and Guillot, Aymeric and Ruby, Perrine M and Jerbi, Karim},
  journal={Frontiers in neuroinformatics},
  volume={11},
  pages={60},
  year={2017},
  publisher={Frontiers}
}

@article{combrisson2020tensorpac,
  title={Tensorpac: an open-source Python toolbox for tensor-based Phase-Amplitude Coupling measurement in electrophysiological brain signals},
  author={Combrisson, Etienne and Nest, Timothy and Brovelli, Andrea and Ince, Robin AA and Soto, Juan LP and Guillot, Aymeric and Jerbi, Karim},
  journal={PLoS computational biology},
  volume={16},
  number={10},
  pages={e1008302},
  year={2020},
  publisher={Public Library of Science San Francisco, CA USA}
}

@article{gau2021brainhack,
  title={Brainhack: Developing a culture of open, inclusive, community-driven neuroscience},
  author={Gau, R{\'e}mi and Noble, Stephanie and Heuer, Katja and Bottenhorn, Katherine L and Bilgin, Isil P and Yang, Yu-Fang and Huntenburg, Julia M and Bayer, Johanna MM and Bethlehem, Richard AI and Rhoads, Shawn A and others},
  journal={Neuron},
  volume={109},
  number={11},
  pages={1769--1775},
  year={2021},
  publisher={Elsevier}
}

@article{combrisson2015exceeding,
  title={Exceeding chance level by chance: The caveat of theoretical chance levels in brain signal classification and statistical assessment of decoding accuracy},
  author={Combrisson, Etienne and Jerbi, Karim},
  journal={Journal of neuroscience methods},
  volume={250},
  pages={126--136},
  year={2015},
  publisher={Elsevier}
}


@article{combrisson2022grouplevel,
	title = {Group-level inference of information-based measures for the analyses of cognitive brain networks from neurophysiological data},
	volume = {258},
	issn = {1053-8119},
	url = {https://www.sciencedirect.com/science/article/pii/S1053811922004669},
	doi = {10.1016/j.neuroimage.2022.119347},
	language = {en},
	urldate = {2022-06-30},
	journal = {NeuroImage},
	author = {Combrisson, Etienne and Allegra, Michele and Basanisi, Ruggero and Ince, Robin A. A. and Giordano, Bruno L. and Bastin, Julien and Brovelli, Andrea},
	month = sep,
	year = {2022},
	keywords = {Cluster-based, Group-level statistics, Information-based measures, Neurophysiology, Non-parametric, python, Reproducibility},
	pages = {119347}
}


@article{combrisson2017intentions,
  title={From intentions to actions: Neural oscillations encode motor processes through phase, amplitude and phase-amplitude coupling},
  author={Combrisson, Etienne and Perrone-Bertolotti, Marcela and Soto, Juan LP and Alamian, Golnoush and Kahane, Philippe and Lachaux, Jean-Philippe and Guillot, Aymeric and Jerbi, Karim},
  journal={NeuroImage},
  volume={147},
  pages={473--487},
  year={2017},
  publisher={Elsevier}
}

@article{bastin2016direct,
  title={Direct recordings from human anterior insula reveal its leading role within the error-monitoring network},
  author={Bastin, Julien and Deman, Pierre and David, Olivier and Gueguen, Ma{\"e}lle and Benis, Damien and Minotti, Lorella and Hoffman, Dominique and Combrisson, Etienne and Kujala, Jan and Perrone-Bertolotti, Marcela and others},
  journal={Cerebral cortex},
  pages={bhv352},
  year={2016},
  publisher={Oxford University Press}
}

@article{gueguen2021anatomical,
  title={Anatomical dissociation of intracerebral signals for reward and punishment prediction errors in humans},
  author={Gueguen, Ma{\"e}lle and Lopez-Persem, Aliz{\'e}e and Billeke, Pablo and Lachaux, Jean-Philippe and Rheims, Sylvain and Kahane, Philippe and Minotti, Lorella and David, Olivier and Pessiglione, Mathias and Bastin, Julien},
  journal={Nature communications},
  volume={12},
  number={1},
  pages={1--12},
  year={2021},
  publisher={Nature Publishing Group}
}

@article{helfrich2019cognitive,
  title={Cognitive neurophysiology of the prefrontal cortex},
  author={Helfrich, Randolph F and Knight, Robert T},
  journal={Handbook of Clinical Neurology},
  volume={163},
  pages={35--59},
  year={2019},
  publisher={Elsevier}
}


@article{nisoGoodScientificPractice2022,
	title = {Good scientific practice in {EEG} and {MEG} research: {Progress} and perspectives},
	volume = {257},
	issn = {1053-8119},
	shorttitle = {Good scientific practice in {EEG} and {MEG} research},
	url = {https://www.sciencedirect.com/science/article/pii/S1053811922001859},
	doi = {10.1016/j.neuroimage.2022.119056},
	language = {en},
	urldate = {2022-07-02},
	journal = {NeuroImage},
	author = {Niso, Guiomar and Krol, Laurens R. and Combrisson, Etienne and Dubarry, A. Sophie and Elliott, Madison A. and François, Clément and Héjja-Brichard, Yseult and Herbst, Sophie K. and Jerbi, Karim and Kovic, Vanja and Lehongre, Katia and Luck, Steven J. and Mercier, Manuel and Mosher, John C. and Pavlov, Yuri G. and Puce, Aina and Schettino, Antonio and Schön, Daniele and Sinnott-Armstrong, Walter and Somon, Bertille and Šoškić, Anđela and Styles, Suzy J. and Tibon, Roni and Vilas, Martina G. and van Vliet, Marijn and Chaumon, Maximilien},
	month = aug,
	year = {2022},
	pages = {119056}
}


@article{yanagisawa2012jon,
	title = {Regulation of {Motor} {Representation} by {Phase}-{Amplitude} {Coupling} in the {Sensorimotor} {Cortex}},
	volume = {32},
	issn = {0270-6474, 1529-2401},
	url = {http://www.jneurosci.org/content/32/44/15467},
	doi = {10.1523/JNEUROSCI.2929-12.2012},
	language = {en},
	number = {44},
	urldate = {2013-02-05},
	journal = {The Journal of Neuroscience},
	author = {Yanagisawa, Takufumi and Yamashita, Okito and Hirata, Masayuki and Kishima, Haruhiko and Saitoh, Youichi and Goto, Tetsu and Yoshimine, Toshiki and Kamitani, Yukiyasu},
	month = oct,
	year = {2012},
	pages = {15467--15475},
}



@article{king2014,
	title = {Characterizing the dynamics of mental representations: the temporal generalization method},
	volume = {18},
	issn = {13646613},
	shorttitle = {Characterizing the dynamics of mental representations},
	url = {http://linkinghub.elsevier.com/retrieve/pii/S1364661314000199},
	doi = {10.1016/j.tics.2014.01.002},
	language = {en},
	number = {4},
	urldate = {2016-02-23},
	journal = {Trends in Cognitive Sciences},
	author = {King, J-R. and Dehaene, S.},
	month = apr,
	year = {2014},
	pages = {203--210},
}
